<?xml version="1.0" encoding="UTF-8"?><collection xmlns="http://www.loc.gov/MARC21/slim"><record><leader>00339nam--2200133-i-4500</leader><controlfield tag="001">000017235</controlfield><controlfield tag="002">20161230</controlfield><controlfield tag="005">20161230201032</controlfield><controlfield tag="008">060222s1000------------r-----000-0-eng-d</controlfield><datafield ind1=" " ind2=" " tag="080"><subfield code="a">061.62(430):001.891:539</subfield></datafield><datafield ind1=" " ind2=" " tag="245"><subfield code="a">Annual report 1993</subfield></datafield><datafield ind1=" " ind2=" " tag="260"><subfield code="a">Forschungszentrum, Rossendorf, 1994 157 P</subfield></datafield><datafield ind1=" " ind2=" " tag="700"><subfield code="a">F. Donau, H. Prade</subfield></datafield><datafield ind1=" " ind2=" " tag="852"><subfield code="a">80136</subfield></datafield></record></collection>